@BOOK{Smith:2023qr,
	title = {{B}ook {T}itle},
	publisher = {Publisher},
	author = {Smith, J.~M. and Jones, A.~B.},
	year = {2023},
	edition = {7th},
}

@ARTICLE{Smith:2024jd,
	author = {Jones, A.~B. and Smith, J.~M.},
	title = {{A}rticle {T}itle},
	journal = {Journal title},
	year = {2024},
	volume = {13},
	pages = {123-456},
	number = {52},
	month = {3},
	publisher = {Publisher},
	doi = {10.1038/s41586-021-03616-x},
}

@ARTICLE{Lowe:2004,
author = {Lowe, David G.},
title = {Distinctive Image Features from Scale-Invariant Keypoints},
journal = {International Journal of Computer Vision},
year = {2004},
volume = {60},
pages = {91-110},
doi = {10.1023/B:VISI.0000029664.99615.94}
}

@MANUAL{Blender,
   title = {Blender - a 3D modelling and rendering package},
   author = {Blender Online Community},
   organization = {Blender Foundation},
   address = {Stichting Blender Foundation, Amsterdam},
   year = {2023},
   url = {http://www.blender.org},
 }

@ARTICLE{DAISY,
	title = {A fast local descriptor for dense matching},
	author = {E. Tola, V. Lepetit, P. Fua},
	journal = {Conference on Computer Vision and Pattern Recognition, Alaska, USA},
	year = {2008},
	month = {6},
	doi = {10.1109/CVPR.2008.4587673}
}

@ARTICLE{SURF,
author = {Bay, Herbert and Tuytelaars, Tinne and Van Gool, Luc},
year = {2006},
month = {07},
pages = {404-417},
title = {SURF: Speeded up robust features},
volume = {3951},
isbn = {978-3-540-33832-1},
journal = {Computer Vision-ECCV 2006},
doi = {10.1007/11744023_32}
}